@electronic{higham2020condition, title={What is a condition number?},
howpublished = {\url{https://nhigham.com/2020/03/19/what-is-a-condition-number/}}, journal={Nick Higham}, author={Higham, Nick}, year={2020}, month={Mar}} 

@book{sauer2018numerical,
  title={Numerical Analysis},
  author={Sauer, T.},
  isbn={9780134697376},
  year={2018},
  publisher={Pearson Education}
}