 @article{quinn1983, title={Ever Had Problems Rounding Off Figures?  This Stock Exchange Has}, journal={Wall Street Journal}, author={Quinn, Kevin}, year={1983}, month={Nov}, pages={37â€“37}} 
 
 @book{greenbaum2012numerical,
  title={Numerical Methods: Design, Analysis, and Computer Implementation of Algorithms},
  author={Greenbaum, A. and Chartier, T.P.},
  isbn={9781400842674},
  year={2012},
  publisher={Princeton University Press}
}

@book{burden2010numerical,
  title={Numerical Analysis},
  author={Burden, R.L. and Faires, J.D.},
  isbn={9781133169338},
  url={https://books.google.com/books?id=Dbw8AAAAQBAJ},
  year={2010},
  publisher={Cengage Learning}
}
