@book{burden2010numerical,
  title={Numerical Analysis},
  author={Burden, R.L. and Faires, J.D.},
  isbn={9781133169338},
  url={https://books.google.com/books?id=Dbw8AAAAQBAJ},
  year={2010},
  publisher={Cengage Learning}
}

@electronic{higham2020condition, title={What is a condition number?},
howpublished = {\url{https://nhigham.com/2020/03/19/what-is-a-condition-number/}}, journal={Nick Higham}, author={Higham, Nick}, year={2020}, month={Mar}} 

@book{rashid2016make,
  title={Make your own neural network},
  author={Rashid, Tariq},
  year={2016},
  publisher={CreateSpace Independent Publishing Platform}
}

@book{Goodfellow-et-al-2016,
    title={Deep Learning},
    author={Ian Goodfellow and Yoshua Bengio and Aaron Courville},
    publisher={MIT Press},
    note={\url{http://www.deeplearningbook.org}},
    year={2016}
}

@article{lecun1998gradient,
  title={Gradient-based learning applied to document recognition},
  author={LeCun, Yann and Bottou, L{\'e}on and Bengio, Yoshua and Haffner, Patrick},
  journal={Proceedings of the IEEE},
  volume={86},
  number={11},
  pages={2278--2324},
  year={1998},
  publisher={Ieee}
}

@book{sauer2018numerical,
  title={Numerical Analysis},
  author={Sauer, T.},
  isbn={9780134697376},
  year={2018},
  publisher={Pearson Education}
}

