

@online{topazwebsite,
    author = "Chad Topaz",
    title = "Discrete Mathematics",
    url  = "https://create.piktochart.com/output/55707850-discrete-mathematics",
    addendum = "(accessed: 01.14.2022)",
    keywords = "ungrading,topaz"
}

@book{sauer2018numerical,
  title={Numerical Analysis},
  author={Sauer, T.},
  isbn={9780134697376},
  year={2018},
  publisher={Pearson Education}
}

@book{greenbaum2012numerical,
  title={Numerical Methods: Design, Analysis, and Computer Implementation of Algorithms},
  author={Greenbaum, A. and Chartier, T.P.},
  isbn={9781400842674},
  year={2012},
  publisher={Princeton University Press}
}

@book{heath2018scientific,
  title={Scientific Computing: An Introductory Survey, Revised Second Edition},
  author={Heath, M.T.},
  isbn={9781611975574},
  lccn={2018045524},
  series={Classics in Applied Mathematics },
  year={2018},
  publisher={Society for Industrial and Applied Mathematics}
}
